<?xml version="1.0" encoding="UTF-8"?>
<?xml-stylesheet type="text/xsl" href="https://www.revistas.usp.br/lib/pkp/xml/oai2.xsl" ?>
<OAI-PMH xmlns="http://www.openarchives.org/OAI/2.0/" xmlns:xsi="http://www.w3.org/2001/XMLSchema-instance" xsi:schemaLocation="http://www.openarchives.org/OAI/2.0/ http://www.openarchives.org/OAI/2.0/OAI-PMH.xsd">
<responseDate>2023-08-07T14:50:12Z</responseDate>
<request verb="ListRecords" metadataPrefix="marcxml" set="actafisiatrica">https://www.revistas.usp.br/actafisiatrica/oai</request>
<ListRecords>
<record>
<header>
<identifier>oai:revistas.usp.br:article/103687</identifier>
<datestamp>2019-11-26T14:46:04Z</datestamp>
<setSpec>actafisiatrica:Art.+Orig.</setSpec>
<setSpec>driver</setSpec>
</header>
<metadata>
<record xmlns="http://www.loc.gov/MARC21/slim" xmlns:xsi="http://www.w3.org/2001/XMLSchema-instance" xsi:schemaLocation="http://www.loc.gov/MARC21/slim http://www.loc.gov/standards/marcxml/schema/MARC21slim.xsd">
<leader>     nmb a2200000Iu 4500</leader>
<controlfield tag="008">"120609 2012                        eng  "</controlfield>
<datafield tag="022" ind1="#" ind2="#">
<subfield code="$a">2317-0190</subfield>
</datafield>
<datafield tag="022" ind1="#" ind2="#">
<subfield code="$a">0104-7795</subfield>
</datafield>
<datafield tag="042" ind1=" " ind2=" ">
<subfield code="a">dc</subfield>
</datafield>
<datafield tag="245" ind1="0" ind2="0">
<subfield code="a">Acidente vascular encefálico agudo: reabilitação</subfield>
</datafield>  <datafield tag="720" ind1="1" ind2=" ">
<subfield code="a">Naki, Igor Kaoru</subfield>
</datafield>
<datafield tag="720" ind1="1" ind2=" ">
<subfield code="a">Rodrigues, Thais Amanda</subfield>
</datafield>
<datafield tag="720" ind1="1" ind2=" ">
<subfield code="a">Andrade, Tatiana Simões de</subfield>
</datafield>
<datafield tag="720" ind1="1" ind2=" ">
<subfield code="a">Esotico, Ana Paula de Carvalho Andrade</subfield>
</datafield>
<datafield tag="720" ind1="1" ind2=" ">
<subfield code="a">Heyn, Daniella</subfield>
</datafield>
<datafield tag="720" ind1="1" ind2=" ">
<subfield code="a">Imamura, Marta</subfield>
<subfield code="0">https://orcid.org/0000-0003-0355-9697</subfield></datafield>
<datafield tag="720" ind1="1" ind2=" ">
<subfield code="a">Battistella, Linamara Rizzo</subfield>
<subfield code="0">https://orcid.org/0000-0001-5275-0733</subfield></datafield>
<datafield tag="520" ind1=" " ind2=" ">
<subfield code="a"> Este estudo revisou artigos nas bases de dados do MEDLINE (Pub-Med) e demais fontes de pesquisa, sem limite de tempo. Para tanto, adotou-se a estratégia de busca baseada em perguntas estruturadas na forma (P.I.C.O.) das iniciais: &quot;Paciente&quot;; &quot;Intervençao&quot;; &quot;Controle&quot; e &quot;Outcome&quot;. Como descritores utilizaram-se: (cerebrovascular disorders OR Stroke) AND acute AND (movement OR physical therapy modalities OR exercise movement techniques); (cerebrovascular disorders OR stroke) AND (Postural Balance OR Musculoskeletal Physiological Phenomena) AND Rehabilitation AND trunk; (cerebrovascular disorders OR Stroke)AND (virtual reality OR user-computer interface OR video games); cerebrovascular disorders AND (home care services, hospital-based); cerebrovascular disorders AND (contractures OR splint OR orthotic devices); cerebrovascular disorders AND acute AND (rehabilitation OR physical therapy disorders or task performance); cerebrovascular disorders AND (physical therapy modalities OR rehabilitation OR exercise therapy) AND (Home Care Services OR self care); (cerebrovascular disorders OR stroke) AND (electric stimulation OR electric stimulation therapy) AND (muscle tonus OR muscle hypotonia OR muscle hypertonia); cerebrovascular disorders AND (restraint physical OR constraint induced movement therapy OR constraint); (cerebrovascular disordersOR stroke) AND (body weight support OR supported treadmill training OR partial weight bearing); (cerebrovascular disorders OR stroke) AND transcranial magnetic stimulation; (cerebrovascular disorders OR stroke) AND bandages. Com esses descritores efetivaram-se cruzamentos de acordo com o tema proposto em cada tópico das perguntas (P.I.C.O.). Analisado esse material, foram selecionados os artigos relativos às perguntas e, por meio do estudo dos mesmos, estabeleceram-se as evidências que fundamentaram às diretrizes do presente documento. </subfield>
</datafield>
<datafield tag="260" ind1=" " ind2=" ">
<subfield code="b">Faculdade de Medicina, Universidade de São Paulo</subfield>
</datafield>
<dataField tag="260" ind1=" " ind2=" ">
<subfield code="c">2012-06-09 00:00:00</subfield>
</dataField>   <datafield tag="856" ind1=" " ind2=" ">
<subfield code="q">application/pdf</subfield>
</datafield>
<datafield tag="856" ind1=" " ind2=" ">
<subfield code="q">application/pdf</subfield>
</datafield>
<datafield tag="856" ind1="4" ind2="0">
<subfield code="u">https://www.revistas.usp.br/actafisiatrica/article/view/103687</subfield>
</datafield>  <datafield tag="786" ind1="0" ind2=" ">
<subfield code="n">Acta Fisiátrica; v. 19 n. 2 (2012)</subfield>
</datafield>  <datafield tag="546" ind1=" " ind2=" ">
<subfield code="a">por</subfield>
</datafield>   <datafield tag="540" ind1=" " ind2=" ">
<subfield code="a">Copyright (c) 2012 Acta Fisiátrica</subfield>
</datafield>
</record>
</metadata>
</record>