
<record>
<header>
<identifier>oai:revistas.usp.br:article/103688</identifier>
<datestamp>2019-10-11T19:43:16Z</datestamp>
<setSpec>actafisiatrica:Art.+Orig.</setSpec>
<setSpec>driver</setSpec>
</header>
<metadata>
<record xmlns="http://www.loc.gov/MARC21/slim" xmlns:xsi="http://www.w3.org/2001/XMLSchema-instance" xsi:schemaLocation="http://www.loc.gov/MARC21/slim http://www.loc.gov/standards/marcxml/schema/MARC21slim.xsd">
<leader>     nmb a2200000Iu 4500</leader>
<controlfield tag="008">"120609 2012                        eng  "</controlfield>
<datafield tag="022" ind1="#" ind2="#">
<subfield code="$a">2317-0190</subfield>
</datafield>
<datafield tag="022" ind1="#" ind2="#">
<subfield code="$a">0104-7795</subfield>
</datafield>
<datafield tag="042" ind1=" " ind2=" ">
<subfield code="a">dc</subfield>
</datafield>
<datafield tag="245" ind1="0" ind2="0">
<subfield code="a">Câncer de mama: reabilitação</subfield>
</datafield>  <datafield tag="720" ind1="1" ind2=" ">
<subfield code="a">Brito, Christina May Moran</subfield>
</datafield>
<datafield tag="720" ind1="1" ind2=" ">
<subfield code="a">Lourenção, Maria Inês Paes</subfield>
</datafield>
<datafield tag="720" ind1="1" ind2=" ">
<subfield code="a">Saul, Maíra</subfield>
</datafield>
<datafield tag="720" ind1="1" ind2=" ">
<subfield code="a">Bazan, Mellik</subfield>
</datafield>
<datafield tag="720" ind1="1" ind2=" ">
<subfield code="a">Otsubo, Priscilla Pereira Santos</subfield>
</datafield>
<datafield tag="720" ind1="1" ind2=" ">
<subfield code="a">Imamura, Marta</subfield>
<subfield code="0">https://orcid.org/0000-0003-0355-9697</subfield></datafield>
<datafield tag="720" ind1="1" ind2=" ">
<subfield code="a">Battistella, Linamara Rizzo</subfield>
<subfield code="0">https://orcid.org/0000-0001-5275-0733</subfield></datafield>
<datafield tag="520" ind1=" " ind2=" ">
<subfield code="a"> This study revised articles from the MEDLINE (PubMed) databases and other research sources, with no time limit. To do so, the search strategy adopted was based on (P.I.C.O.) structured questions (from the initials &quot;Patient&quot;; &quot;Intervention&quot;; &quot;Control&quot; and &quot;Outcome&quot;. As keywords were used: Breast Neoplasm, Mastectomy, Mastectomy, Radical; Lymph Node Excision, Surgery, Lymphedema, Breast Cancer-related Lymphedema (BCRL); Arm/pathology, Postoperative Complications, Shouder Joint, Range of Motion, Articular*; Shoulder Joint/Radiation Effects, Drainage, Manual Lymphatic Drainage, Decongestive (MLD), Lymphatic Therapy (DLT), Massage, Compression Bandages, Bandages, Alginates*, Physical Therapy Modalities, Exercise, Exercise/Physiology*, Exercise Therapy, Exercise Training, Exercise Movement Techniques, Exercise Tolerance, Weight Lifting*, Kinesiotherapy, Musculoskeletal Manipulation, Prevention and Control, Primary Prevention, Postoperative Care, Rehabilitation, Early Intervention, Recovery of Function, Disability Evaluation, Complications*, Survivor*, Neoplasm Recurrence; Immune System, Stress, Psychological; Quality of Life, Value of life, Sickness Impact Profile, Life Style, Risk, Risk Factors, Overweight, Diet, Food, Diet Therapy, Diet Reducing, Dietetics, Malnutrition, Nutrition Policy, Nutritional Sciences, Pressure*, Intermittent Pneumatic Compression, Intermittent Pneumatic Compression Devices, Hydrotherapy, Complementary Therapies, Cognitive Therapy, Mind-body Therapies, Mindfulness, Meditation, Psychotherapy, Psychophysics, Holistic Health, Adaptation, Psychological; Self-help Groups, Psychotherapy, Group*; Occupational Therapy, Social Support. With the above keywords crossings were performed according to the proposed theme in each topic of the (P.I.C.O.) questions. After analyzing this material, articles regarding the questions were selected and, by studying those, the evidences that fundamented the directives of this document were established. </subfield>
</datafield>
<datafield tag="260" ind1=" " ind2=" ">
<subfield code="b">Faculdade de Medicina, Universidade de São Paulo</subfield>
</datafield>
<dataField tag="260" ind1=" " ind2=" ">
<subfield code="c">2012-06-09 00:00:00</subfield>
</dataField>   <datafield tag="856" ind1=" " ind2=" ">
<subfield code="q">application/pdf</subfield>
</datafield>
<datafield tag="856" ind1=" " ind2=" ">
<subfield code="q">application/pdf</subfield>
</datafield>
<datafield tag="856" ind1="4" ind2="0">
<subfield code="u">https://www.revistas.usp.br/actafisiatrica/article/view/103688</subfield>
</datafield>  <datafield tag="786" ind1="0" ind2=" ">
<subfield code="n">Acta Fisiátrica; v. 19 n. 2 (2012)</subfield>
</datafield>  <datafield tag="546" ind1=" " ind2=" ">
<subfield code="a">eng</subfield>
</datafield>   <datafield tag="540" ind1=" " ind2=" ">
<subfield code="a">Copyright (c) 2012 Acta Fisiátrica</subfield>
</datafield>
</record>
</metadata>
</record>