
<record>
<header>
<identifier>oai:revistas.usp.br:article/103690</identifier>
<datestamp>2019-10-11T19:39:50Z</datestamp>
<setSpec>actafisiatrica:Art.+Orig.</setSpec>
<setSpec>driver</setSpec>
</header>
<metadata>
<record xmlns="http://www.loc.gov/MARC21/slim" xmlns:xsi="http://www.w3.org/2001/XMLSchema-instance" xsi:schemaLocation="http://www.loc.gov/MARC21/slim http://www.loc.gov/standards/marcxml/schema/MARC21slim.xsd">
<leader>     nmb a2200000Iu 4500</leader>
<controlfield tag="008">"120609 2012                        eng  "</controlfield>
<datafield tag="022" ind1="#" ind2="#">
<subfield code="$a">2317-0190</subfield>
</datafield>
<datafield tag="022" ind1="#" ind2="#">
<subfield code="$a">0104-7795</subfield>
</datafield>
<datafield tag="042" ind1=" " ind2=" ">
<subfield code="a">dc</subfield>
</datafield>
<datafield tag="245" ind1="0" ind2="0">
<subfield code="a">Exercício em pacientes oncológicos: reabilitação</subfield>
</datafield>  <datafield tag="720" ind1="1" ind2=" ">
<subfield code="a">Almeida, Elisangela Marinho Pinto</subfield>
</datafield>
<datafield tag="720" ind1="1" ind2=" ">
<subfield code="a">Andrade, Rodrigo Guimarães</subfield>
</datafield>
<datafield tag="720" ind1="1" ind2=" ">
<subfield code="a">Cecatto, Rebeca Boltes</subfield>
<subfield code="0">https://orcid.org/0000-0001-5675-6665</subfield></datafield>
<datafield tag="720" ind1="1" ind2=" ">
<subfield code="a">Brito, Christina May Moran</subfield>
</datafield>
<datafield tag="720" ind1="1" ind2=" ">
<subfield code="a">Camargo, Fernanda Pereira de</subfield>
</datafield>
<datafield tag="720" ind1="1" ind2=" ">
<subfield code="a">Pinto, Cesar Antonio</subfield>
</datafield>
<datafield tag="720" ind1="1" ind2=" ">
<subfield code="a">Yamaguti, Wellington Pereira dos Santos</subfield>
</datafield>
<datafield tag="720" ind1="1" ind2=" ">
<subfield code="a">Imamura, Marta</subfield>
<subfield code="0">https://orcid.org/0000-0003-0355-9697</subfield></datafield>
<datafield tag="720" ind1="1" ind2=" ">
<subfield code="a">Battistella, Linamara Rizzo</subfield>
<subfield code="0">https://orcid.org/0000-0001-5275-0733</subfield></datafield>
<datafield tag="520" ind1=" " ind2=" ">
<subfield code="a"> This study revised articles from the MEDLINE (PubMed) databases and other research sources, with no time limit. To do so, the search strategy adopted was based on (P.I.C.O.) structured questions (from the initials &quot;Patient&quot;; &quot;Intervention&quot;; &quot;Control&quot; and &quot;Outcome&quot;. As keywords were used: (Neoplasms OR Carcinogens OR Tumors OR Cancer) AND (Fatigue OR Asthenia OR Lassitude OR Muscle Fatigue OR Fatigue OR Muscles OR specific muscle OR Mental Fatigue OR Fatigue, Mental OR Cancer-related fatigue) AND (Exercise OR Physical Fitness OR Exertion OR Exercise Therapy OR Sports OR Exercise Movement Techniques OR Physical Fitness OR Physical Conditioning OR Physical Endurance); (Neoplasms OR Carcinogens OR Tumors OR Cancer) AND (Fatigue OR Asthenia OR Lassitude OR Muscle Fatigue OR Fatigue OR Muscles OR Specific Muscle OR Mental Fatigue OR Fatigue, Mental OR Cancer-related Fatigue) AND (Chemotherapy, Adjuvant OR Combined Modality Therapy OR Drug Therapy,combination OR Antineoplastic Combined Chemotherapy Protocols) AND (Exercise Tolerance OR Oxigen Consumption* OR Exercise OR Physical Fitness OR Exertion OR Exercise Therapy OR Sports OR Physical Fitness OR Physical Conditioning OR Physical Endurance); (Neoplasms OR Carcinogens OR Tumors OR Cancer) AND (Fatigue OR Asthenia OR Lassitude OR Muscle Fatigue OR Fatigue OR Muscles OR specific muscle OR Mental Fatigue OR Fatigue, Mental OR cancer-related fatigue) AND (Exercise OR Physical Fitness OR Exertion OR Exercise Therapy OR Sports OR Exercise Movement Techniques OR Physical Fitness OR Physical Conditioning OR Physical Endurance OR Intensity exercise); (Neoplasms OR Carcinogens OR Tumors OR Cancer) AND (Fatigue OR Asthenia OR Lassitude OR Muscle Fatigue OR Cancer-related fatigue) AND (Exercise OR Physical Fitness OR Exertion OR Exercise Therapy OR Sports OR Sports OR Exercise Movement Techniques OR Physical Fitness OR Physical Conditioning OR Physical Endurance); Neoplasm AND (Exercise OR Physical Fitness OR Exertion OR Exercise Therapy OR Sports OR Exercise Movement Techniques OR Physical Fitness OR Physical Conditioning OR Physical Endurance) AND Quality of Life ; (Bone Neoplasms OR Neoplasms Metastasis) AND (Exercise OR Physical Fitness OR Exertion OR Exercise Therapy OR Sports OR Exercise Movement Techniques OR Physical Fitness OR Physical Conditioning OR Physical Endurance) AND (Fracture Bone OR Fractures, Bone) AND (Exercise OR Physical Therapy) AND Fracture AND Neoplasm; (Bone Neoplasms OR Neoplasms Metastasis) AND (Exercise OR Physical Fitness OR Exertion OR Exercise Therapy OR Sports OR Exercise Movement Techniques OR Physical Fitness OR Physical Conditioning OR Physical Endurance) AND (Fracture Bone OR Fractures, Bone) AND (Exercise OR Physical Therapy) AND Fracture AND Neoplasm; (Neoplasms OR Carcinogens OR Tumor OR Cancer) AND (Signs and Symptoms Respiratory OR Dyspnea) AND (Breathing Exercise OR Exercise Therapy); (Neoplasms OR Carcinogens OR Tumor OR Cancer) AND (Oxygen Inhalation Therapy OR Positive Pressure Respiration OR PEEP) ; Neoplasms OR Cancer OR Tumor OR Carcinogens AND Terminally ill OR Terminal Care OR Palliative Care AND Oxygen Inhalation Therapy; Neoplasm AND (Muscle OR Muscle Strength OR Muscle Weakness OR Cachexia) AND (Androgens OR Anabolic Agents OR Nandrolone OR Oxandrolone) AND (Exercise OR Physical Therapy OR Rehabilitation); (Anthracyclines OR Trastuzumab OR Ciclofosfamide) AND (Physical Activity OR Exercise) AND (Cardiotoxicity); Neoplasm AND Thrombocytopenia AND (Exercise OR Rehabilitation OR Physical Therapy). With the above keywords crossings were performed according to the proposed theme in each topic of the (P.I.C.O.) questions. After analyzing this material, articles regarding the questions were selected and, by studying those, the evidences that fundamented the directives of this document were established. </subfield>
</datafield>
<datafield tag="260" ind1=" " ind2=" ">
<subfield code="b">Faculdade de Medicina, Universidade de São Paulo</subfield>
</datafield>
<dataField tag="260" ind1=" " ind2=" ">
<subfield code="c">2012-06-09 00:00:00</subfield>
</dataField>   <datafield tag="856" ind1=" " ind2=" ">
<subfield code="q">application/pdf</subfield>
</datafield>
<datafield tag="856" ind1=" " ind2=" ">
<subfield code="q">application/pdf</subfield>
</datafield>
<datafield tag="856" ind1="4" ind2="0">
<subfield code="u">https://www.revistas.usp.br/actafisiatrica/article/view/103690</subfield>
</datafield>  <datafield tag="786" ind1="0" ind2=" ">
<subfield code="n">Acta Fisiátrica; v. 19 n. 2 (2012)</subfield>
</datafield>  <datafield tag="546" ind1=" " ind2=" ">
<subfield code="a">eng</subfield>
</datafield>   <datafield tag="540" ind1=" " ind2=" ">
<subfield code="a">Copyright (c) 2012 Acta Fisiátrica</subfield>
</datafield>
</record>
</metadata>
</record>