
<record>
<header>
<identifier>oai:revistas.usp.br:article/103691</identifier>
<datestamp>2019-10-14T17:29:24Z</datestamp>
<setSpec>actafisiatrica:Art.+Orig.</setSpec>
<setSpec>driver</setSpec>
</header>
<metadata>
<record xmlns="http://www.loc.gov/MARC21/slim" xmlns:xsi="http://www.w3.org/2001/XMLSchema-instance" xsi:schemaLocation="http://www.loc.gov/MARC21/slim http://www.loc.gov/standards/marcxml/schema/MARC21slim.xsd">
<leader>     nmb a2200000Iu 4500</leader>
<controlfield tag="008">"120609 2012                        eng  "</controlfield>
<datafield tag="022" ind1="#" ind2="#">
<subfield code="$a">2317-0190</subfield>
</datafield>
<datafield tag="022" ind1="#" ind2="#">
<subfield code="$a">0104-7795</subfield>
</datafield>
<datafield tag="042" ind1=" " ind2=" ">
<subfield code="a">dc</subfield>
</datafield>
<datafield tag="245" ind1="0" ind2="0">
<subfield code="a">Lesão medular: reabilitação</subfield>
</datafield>  <datafield tag="720" ind1="1" ind2=" ">
<subfield code="a">Takami, Marina da Paz</subfield>
</datafield>
<datafield tag="720" ind1="1" ind2=" ">
<subfield code="a">Figliolia, Carmem Silvia</subfield>
</datafield>
<datafield tag="720" ind1="1" ind2=" ">
<subfield code="a">Tsukimoto, Gracinda Rodrigues</subfield>
</datafield>
<datafield tag="720" ind1="1" ind2=" ">
<subfield code="a">Moreira, Maria Cecilia dos Santos</subfield>
</datafield>
<datafield tag="720" ind1="1" ind2=" ">
<subfield code="a">Ferraz, Simone</subfield>
</datafield>
<datafield tag="720" ind1="1" ind2=" ">
<subfield code="a">Barbosa, Sofia Bonna Boschetti</subfield>
</datafield>
<datafield tag="720" ind1="1" ind2=" ">
<subfield code="a">Tuacek, Tatiana Amadeo</subfield>
</datafield>
<datafield tag="720" ind1="1" ind2=" ">
<subfield code="a">Ramos, Thiago de Oliveira</subfield>
</datafield>
<datafield tag="720" ind1="1" ind2=" ">
<subfield code="a">Silva, Wagner Lopes da</subfield>
</datafield>
<datafield tag="720" ind1="1" ind2=" ">
<subfield code="a">Souza, Daniel Rubio de</subfield>
<subfield code="0">https://orcid.org/0000-0003-0207-9800</subfield></datafield>
<datafield tag="720" ind1="1" ind2=" ">
<subfield code="a">Imamura, Marta</subfield>
<subfield code="0">https://orcid.org/0000-0003-0355-9697</subfield></datafield>
<datafield tag="720" ind1="1" ind2=" ">
<subfield code="a">Battistella, Linamara Rizzo</subfield>
<subfield code="0">https://orcid.org/0000-0001-5275-0733</subfield></datafield>
<datafield tag="520" ind1=" " ind2=" ">
<subfield code="a"> This study revised articles from the MEDLINE (PubMed) databases and other research sources, with no time limit. To do so, the search strategy adopted was based on (P.I.C.O.) structured questions (from the initials &quot;Patient&quot;; &quot;Intervention&quot;; &quot;Control&quot; and &quot;Outcome&quot;.  With the above keywords crossings were performed according to the proposed theme in each topic of the (P.I.C.O.) questions. After analyzing this material, therapy narrow articles regarding the questions were selected and, by studying those, the evidences that fundamented the directives of this document were established. </subfield>
</datafield>
<datafield tag="260" ind1=" " ind2=" ">
<subfield code="b">Faculdade de Medicina, Universidade de São Paulo</subfield>
</datafield>
<dataField tag="260" ind1=" " ind2=" ">
<subfield code="c">2012-06-09 00:00:00</subfield>
</dataField>   <datafield tag="856" ind1=" " ind2=" ">
<subfield code="q">application/pdf</subfield>
</datafield>
<datafield tag="856" ind1=" " ind2=" ">
<subfield code="q">application/pdf</subfield>
</datafield>
<datafield tag="856" ind1="4" ind2="0">
<subfield code="u">https://www.revistas.usp.br/actafisiatrica/article/view/103691</subfield>
</datafield>  <datafield tag="786" ind1="0" ind2=" ">
<subfield code="n">Acta Fisiátrica; v. 19 n. 2 (2012)</subfield>
</datafield>  <datafield tag="546" ind1=" " ind2=" ">
<subfield code="a">eng</subfield>
</datafield>   <datafield tag="540" ind1=" " ind2=" ">
<subfield code="a">Copyright (c) 2012 Acta Fisiátrica</subfield>
</datafield>
</record>
</metadata>
</record>