
<record>
<header>
<identifier>oai:revistas.usp.br:article/103705</identifier>
<datestamp>2019-09-26T15:13:39Z</datestamp>
<setSpec>actafisiatrica:Art.+Orig.</setSpec>
<setSpec>driver</setSpec>
</header>
<metadata>
<record xmlns="http://www.loc.gov/MARC21/slim" xmlns:xsi="http://www.w3.org/2001/XMLSchema-instance" xsi:schemaLocation="http://www.loc.gov/MARC21/slim http://www.loc.gov/standards/marcxml/schema/MARC21slim.xsd">
<leader>     nmb a2200000Iu 4500</leader>
<controlfield tag="008">"120909 2012                        eng  "</controlfield>
<datafield tag="022" ind1="#" ind2="#">
<subfield code="$a">2317-0190</subfield>
</datafield>
<datafield tag="022" ind1="#" ind2="#">
<subfield code="$a">0104-7795</subfield>
</datafield>
<datafield tag="042" ind1=" " ind2=" ">
<subfield code="a">dc</subfield>
</datafield>
<datafield tag="245" ind1="0" ind2="0">
<subfield code="a">Novos tempos, novas práticas: os desafios na formação dos profissionais de terapia ocupacional</subfield>
</datafield>  <datafield tag="720" ind1="1" ind2=" ">
<subfield code="a">Coutinho, Isa de Jesus</subfield>
<subfield code="u">Escola Bahiana de Medicina e Saúde Pública</subfield></datafield>
<datafield tag="720" ind1="1" ind2=" ">
<subfield code="a">Santos, Karla Ribeiro dos</subfield>
</datafield>
<datafield tag="720" ind1="1" ind2=" ">
<subfield code="a">Passos, Ana Joaquina das Mercês Mariani</subfield>
</datafield>
<datafield tag="520" ind1=" " ind2=" ">
<subfield code="a"> Problem-based Learning PBL is a method of teaching and learning that is based on real or simulated problems focusing on knowledge, skills, actions, and values. Although several universities around the world have experimented with this methodology only a few studies present results on its use. Objective: This research seeks to describe the experience of PBL in the course of Occupational Therapy of the School of Medicine and Public Health of Bahia (EBMSP) in Salvador, state of Bahia. Method: This is a qualitative approach, involving seventeen students from the sixth semester of Occupational Therapy. A standard instrument was developed prior to the survey with seven questions. Results: Indicated the use of the Methodology was helpful in the training of occupational therapists, as well as challenging for the beginning student, but revealed the need for improved training of the teachers involved in this methodology. Conclusion: The uncertainty of the participants in managing their own knowledge, that is, the quality and need for what was learned - the “learning to learn, the learning to be, and the learning to do” - was also demonstrated. </subfield>
</datafield>
<datafield tag="260" ind1=" " ind2=" ">
<subfield code="b">Faculdade de Medicina, Universidade de São Paulo</subfield>
</datafield>
<dataField tag="260" ind1=" " ind2=" ">
<subfield code="c">2012-09-09 00:00:00</subfield>
</dataField>   <datafield tag="856" ind1=" " ind2=" ">
<subfield code="q">application/pdf</subfield>
</datafield>
<datafield tag="856" ind1=" " ind2=" ">
<subfield code="q">application/pdf</subfield>
</datafield>
<datafield tag="856" ind1="4" ind2="0">
<subfield code="u">https://www.revistas.usp.br/actafisiatrica/article/view/103705</subfield>
</datafield>  <datafield tag="786" ind1="0" ind2=" ">
<subfield code="n">Acta Fisiátrica; v. 19 n. 3 (2012)</subfield>
</datafield>  <datafield tag="546" ind1=" " ind2=" ">
<subfield code="a">eng</subfield>
</datafield>   <datafield tag="540" ind1=" " ind2=" ">
<subfield code="a">Copyright (c) 2012 Acta Fisiátrica</subfield>
</datafield>
</record>
</metadata>
</record>