
<record>
<header>
<identifier>oai:revistas.usp.br:article/103706</identifier>
<datestamp>2019-09-26T17:05:58Z</datestamp>
<setSpec>actafisiatrica:Art.+Orig.</setSpec>
<setSpec>driver</setSpec>
</header>
<metadata>
<record xmlns="http://www.loc.gov/MARC21/slim" xmlns:xsi="http://www.w3.org/2001/XMLSchema-instance" xsi:schemaLocation="http://www.loc.gov/MARC21/slim http://www.loc.gov/standards/marcxml/schema/MARC21slim.xsd">
<leader>     nmb a2200000Iu 4500</leader>
<controlfield tag="008">"120909 2012                        eng  "</controlfield>
<datafield tag="022" ind1="#" ind2="#">
<subfield code="$a">2317-0190</subfield>
</datafield>
<datafield tag="022" ind1="#" ind2="#">
<subfield code="$a">0104-7795</subfield>
</datafield>
<datafield tag="042" ind1=" " ind2=" ">
<subfield code="a">dc</subfield>
</datafield>
<datafield tag="245" ind1="0" ind2="0">
<subfield code="a">Conceito Halliwick inclusão e participação através das atividades aquáticas funcionais</subfield>
</datafield>  <datafield tag="720" ind1="1" ind2=" ">
<subfield code="a">Garcia, Mauricio Koprowski</subfield>
<subfield code="u">Universidade de São Paulo. Faculdade de Medicina</subfield></datafield>
<datafield tag="720" ind1="1" ind2=" ">
<subfield code="a">Joares, Edenilson Cordeiro</subfield>
<subfield code="u">Universidade de São Paulo. Faculdade de Medicina</subfield></datafield>
<datafield tag="720" ind1="1" ind2=" ">
<subfield code="a">Silva, Marcelo Alves</subfield>
<subfield code="u">Universidade de São Paulo. Faculdade de Medicina</subfield></datafield>
<datafield tag="720" ind1="1" ind2=" ">
<subfield code="a">Bissolotti, Renato Rocha</subfield>
<subfield code="u">Universidade de São Paulo. Faculdade de Medicina</subfield></datafield>
<datafield tag="720" ind1="1" ind2=" ">
<subfield code="a">Oliveira, Suzana</subfield>
<subfield code="u">Universidade de São Paulo. Faculdade de Medicina</subfield></datafield>
<datafield tag="720" ind1="1" ind2=" ">
<subfield code="a">Battistella, Linamara Rizzo</subfield>
<subfield code="u">Universidade de São Paulo. Faculdade de Medicina</subfield><subfield code="0">https://orcid.org/0000-0001-5275-0733</subfield></datafield>
<datafield tag="520" ind1=" " ind2=" ">
<subfield code="a"> Este trabalho apresenta os resultados qualitativos e quantitativos de um grupo 674 usuários que por 12 meses participaram do Projeto Halliwick - atividades aquáticas funcionais - do Instituto de Medicina Física e Reabilitação do Hospital das Clínicas FMUSP e suas amplas repercussões na vida da pessoa com deficiência. O conceito Halliwick foi desenvolvido em 1949 por James McMillan na Inglaterra e está fundamentado em princípios da hidrostática, hidrodinâmica e na mecânica dos corpos na água. Objetivo: O Programa dos 10 Pontos do conceito Halliwick é a aplicação prática e fornece estrutura aos processos de ensinar e aprender com segurança, lógica e progressivamente. Método: O trabalho se desenvolve em grupos que motivam e favorecem a interação social, ao mesmo tempo que otimizam o aprendizado. O Halliwick introduz a água como um novo fator ambiental para se trabalhar estratégias do movimento e controle motor de forma diferente. Os atributos da piscina, especificamente as propriedades físicas de água, promovem o bem estar de estruturas físicas e função corporal, independência funcional, novos padrões de movimentos, entendimento de diferentes conceitos sobre motricidade, processamento sensorial, aprendizado cognitivo, organização de padrões de movimentos e controle de atividades diversas. A fisiologia da imersão responde pela ativação de orgãos e sistemas do corpo melhorando seus desempenhos. Resultados: Com apoio da Associação Halliwick Internacional e Associação Brasil Halliwick o projeto, pioneiro no país, possibilitou atendimento a milhares de usuários garantindo acesso igualitário, pois foca a inclusão e participação da pessoa com e sem deficiência. Conclusão: A característica holística do Halliwick influenciou sobre maneira o tradicional ensino de natação e trouxe uma série de refinamentos às técnicas de hidroterapia, demonstrando que programas terapêuticos e recreativos combinados oferecem uma reabilitação contínua para todas as pessoas. Ainda permite o alcance do máximo potencial, trazendo benefícios físicos, psicológicos e social. </subfield>
</datafield>
<datafield tag="260" ind1=" " ind2=" ">
<subfield code="b">Faculdade de Medicina, Universidade de São Paulo</subfield>
</datafield>
<dataField tag="260" ind1=" " ind2=" ">
<subfield code="c">2012-09-09 00:00:00</subfield>
</dataField>   <datafield tag="856" ind1=" " ind2=" ">
<subfield code="q">application/pdf</subfield>
</datafield>
<datafield tag="856" ind1=" " ind2=" ">
<subfield code="q">application/pdf</subfield>
</datafield>
<datafield tag="856" ind1="4" ind2="0">
<subfield code="u">https://www.revistas.usp.br/actafisiatrica/article/view/103706</subfield>
</datafield>  <datafield tag="786" ind1="0" ind2=" ">
<subfield code="n">Acta Fisiátrica; v. 19 n. 3 (2012)</subfield>
</datafield>  <datafield tag="546" ind1=" " ind2=" ">
<subfield code="a">por</subfield>
</datafield>   <datafield tag="540" ind1=" " ind2=" ">
<subfield code="a">Copyright (c) 2012 Acta Fisiátrica</subfield>
</datafield>
</record>
</metadata>
</record>