
<record>
<header>
<identifier>oai:revistas.usp.br:article/103707</identifier>
<datestamp>2019-09-26T17:12:14Z</datestamp>
<setSpec>actafisiatrica:Art.+Orig.</setSpec>
<setSpec>driver</setSpec>
</header>
<metadata>
<record xmlns="http://www.loc.gov/MARC21/slim" xmlns:xsi="http://www.w3.org/2001/XMLSchema-instance" xsi:schemaLocation="http://www.loc.gov/MARC21/slim http://www.loc.gov/standards/marcxml/schema/MARC21slim.xsd">
<leader>     nmb a2200000Iu 4500</leader>
<controlfield tag="008">"120909 2012                        eng  "</controlfield>
<datafield tag="022" ind1="#" ind2="#">
<subfield code="$a">2317-0190</subfield>
</datafield>
<datafield tag="022" ind1="#" ind2="#">
<subfield code="$a">0104-7795</subfield>
</datafield>
<datafield tag="042" ind1=" " ind2=" ">
<subfield code="a">dc</subfield>
</datafield>
<datafield tag="245" ind1="0" ind2="0">
<subfield code="a">Aptidão motora e atenção em dependentes de drogas psicotrópicas ilícitas</subfield>
</datafield>  <datafield tag="720" ind1="1" ind2=" ">
<subfield code="a">Souza, André Luiz Bertoncini de</subfield>
<subfield code="u">Universidade do Estado de Santa Catarina - UDESC</subfield></datafield>
<datafield tag="720" ind1="1" ind2=" ">
<subfield code="a">Cintrão, Júlia Magnus</subfield>
<subfield code="u">Universidade do Estado de Santa Catarina - UDESC</subfield></datafield>
<datafield tag="720" ind1="1" ind2=" ">
<subfield code="a">Silva, Maria Eduarda Merlin da</subfield>
</datafield>
<datafield tag="720" ind1="1" ind2=" ">
<subfield code="a">Guimarães, Adriana Coutinho de Azevedo Guimarães</subfield>
<subfield code="u">Universidade do Estado de Santa Catarina - UDESC</subfield></datafield>
<datafield tag="720" ind1="1" ind2=" ">
<subfield code="a">Parcias, Silvia Rosane</subfield>
<subfield code="u">Universidade do Estado de Santa Catarina - UDESC</subfield></datafield>
<datafield tag="520" ind1=" " ind2=" ">
<subfield code="a"> Psychoactive substances act on the central nervous system producing mental and behavioral changes leading to clinical manifestations associated with drug abuse. Objective: To evaluate the motor ability and attention span among individuals dependent on psychotropic drugs, who were in treatment in a psychiatric hospital. Method: A single case study, whose unit of analysis was a hospital, assessed the motor skills and attention span of 10 male individuals addicted to illicit psychotropic drugs, with mean age of 31.9 ± 7.07 years and average hospitalization of 23.9 days. The following instruments were used: a structured socio-demographic interview, the Motor Scale for Elderly (EMTI) adapted, and the Trail Making Test (TMT A and B). The average age at first consumption was 15.1 years; and there was a slower performance in the TMT A and B in all age groups. In general motor ability, individuals were classified as follows: two “superior”, two “above average”, five “average”, and one “below average”. Results: Their temporal organization was the variable with the lowest performance. Conclusion: Attention deficits were encountered along with average general motor ability and a strong negative association or correlation between motor performance and attention span. </subfield>
</datafield>
<datafield tag="260" ind1=" " ind2=" ">
<subfield code="b">Faculdade de Medicina, Universidade de São Paulo</subfield>
</datafield>
<dataField tag="260" ind1=" " ind2=" ">
<subfield code="c">2012-09-09 00:00:00</subfield>
</dataField>   <datafield tag="856" ind1=" " ind2=" ">
<subfield code="q">application/pdf</subfield>
</datafield>
<datafield tag="856" ind1=" " ind2=" ">
<subfield code="q">application/pdf</subfield>
</datafield>
<datafield tag="856" ind1="4" ind2="0">
<subfield code="u">https://www.revistas.usp.br/actafisiatrica/article/view/103707</subfield>
</datafield>  <datafield tag="786" ind1="0" ind2=" ">
<subfield code="n">Acta Fisiátrica; v. 19 n. 3 (2012)</subfield>
</datafield>  <datafield tag="546" ind1=" " ind2=" ">
<subfield code="a">eng</subfield>
</datafield>   <datafield tag="540" ind1=" " ind2=" ">
<subfield code="a">Copyright (c) 2012 Acta Fisiátrica</subfield>
</datafield>
</record>
</metadata>
</record>