
<record>
<header>
<identifier>oai:revistas.usp.br:article/103708</identifier>
<datestamp>2019-09-26T17:16:20Z</datestamp>
<setSpec>actafisiatrica:Art.+Orig.</setSpec>
<setSpec>driver</setSpec>
</header>
<metadata>
<record xmlns="http://www.loc.gov/MARC21/slim" xmlns:xsi="http://www.w3.org/2001/XMLSchema-instance" xsi:schemaLocation="http://www.loc.gov/MARC21/slim http://www.loc.gov/standards/marcxml/schema/MARC21slim.xsd">
<leader>     nmb a2200000Iu 4500</leader>
<controlfield tag="008">"120909 2012                        eng  "</controlfield>
<datafield tag="022" ind1="#" ind2="#">
<subfield code="$a">2317-0190</subfield>
</datafield>
<datafield tag="022" ind1="#" ind2="#">
<subfield code="$a">0104-7795</subfield>
</datafield>
<datafield tag="042" ind1=" " ind2=" ">
<subfield code="a">dc</subfield>
</datafield>
<datafield tag="245" ind1="0" ind2="0">
<subfield code="a">Independência funcional de idosas residentes em instituições de longa permanência</subfield>
</datafield>  <datafield tag="720" ind1="1" ind2=" ">
<subfield code="a">Carneiro, Flávia Ravany</subfield>
<subfield code="u">Universidade Federal do Ceará - UFC</subfield></datafield>
<datafield tag="720" ind1="1" ind2=" ">
<subfield code="a">Brasileiro, Ismênia de Carvalho</subfield>
<subfield code="u">Faculdade Estácio</subfield></datafield>
<datafield tag="720" ind1="1" ind2=" ">
<subfield code="a">Vasconcelos, Thiago Brasileiro de</subfield>
<subfield code="u">Universidade Federal do Ceará - UFC</subfield></datafield>
<datafield tag="720" ind1="1" ind2=" ">
<subfield code="a">Arruda, Vanessa da Ponte</subfield>
</datafield>
<datafield tag="720" ind1="1" ind2=" ">
<subfield code="a">Florêncio, Raquel Sampaio</subfield>
<subfield code="u">Grupo de Pesquisa Epidemiologia, Cuidado em Cronicidades e Enfermagem</subfield></datafield>
<datafield tag="720" ind1="1" ind2=" ">
<subfield code="a">Moreira, Thereza Maria Magalhães</subfield>
<subfield code="u">Universidade Estadual do Ceará - UECE</subfield><subfield code="0">https://orcid.org/0000-0003-1424-0649</subfield></datafield>
<datafield tag="520" ind1=" " ind2=" ">
<subfield code="a"> Objective: To evaluate the Functional Independence Measure (FIM) for elderly women in a longterm institution in Fortaleza - CE. Method: This is an exploratory, descriptive study with a quantitative approach, performed with 59 elderly residents in two long-term institutions for the elderly (LTCF) in Fortaleza - CE, during the second half of 2010. The initial assessment instrument consisted of personal, socio-demographic, and clinical data. We then applied the Functional Independence Measure (FIM) to measure how much care they needed to perform motor and cognitive tasks. Results: The women had been institutionalized for 8.32 (± 9.46) years. The average age of participants was 76.72 (± 9.81) years. In relation to self-care most of the group eat, carry out personal hygiene, and bathe independently. In addition, it can be seen that 69.50% use the toilet independently. As for mobility, 50.85% of the women can manage without help, while 62.71% can only use the stairs with help. As for social cognition, they have good communication, because 49.15% did not need any help in understanding the words, 62.71% express themselves freely, while 50.85% have memory deficits. Conclusion: The participants in the study were independent under the general definition. They were able to perform virtually all activities in a satisfactory manner, such as feeding, personal hygiene, bathing, mobility, and sphincter control, being dependent on aid only with aspects related to memory and climbing stairs. </subfield>
</datafield>
<datafield tag="260" ind1=" " ind2=" ">
<subfield code="b">Faculdade de Medicina, Universidade de São Paulo</subfield>
</datafield>
<dataField tag="260" ind1=" " ind2=" ">
<subfield code="c">2012-09-09 00:00:00</subfield>
</dataField>   <datafield tag="856" ind1=" " ind2=" ">
<subfield code="q">application/pdf</subfield>
</datafield>
<datafield tag="856" ind1=" " ind2=" ">
<subfield code="q">application/pdf</subfield>
</datafield>
<datafield tag="856" ind1="4" ind2="0">
<subfield code="u">https://www.revistas.usp.br/actafisiatrica/article/view/103708</subfield>
</datafield>  <datafield tag="786" ind1="0" ind2=" ">
<subfield code="n">Acta Fisiátrica; v. 19 n. 3 (2012)</subfield>
</datafield>  <datafield tag="546" ind1=" " ind2=" ">
<subfield code="a">eng</subfield>
</datafield>   <datafield tag="540" ind1=" " ind2=" ">
<subfield code="a">Copyright (c) 2012 Acta Fisiátrica</subfield>
</datafield>
</record>
</metadata>
</record>