
<record>
<header>
<identifier>oai:revistas.usp.br:article/103709</identifier>
<datestamp>2019-09-26T17:29:11Z</datestamp>
<setSpec>actafisiatrica:Art.+Orig.</setSpec>
<setSpec>driver</setSpec>
</header>
<metadata>
<record xmlns="http://www.loc.gov/MARC21/slim" xmlns:xsi="http://www.w3.org/2001/XMLSchema-instance" xsi:schemaLocation="http://www.loc.gov/MARC21/slim http://www.loc.gov/standards/marcxml/schema/MARC21slim.xsd">
<leader>     nmb a2200000Iu 4500</leader>
<controlfield tag="008">"120909 2012                        eng  "</controlfield>
<datafield tag="022" ind1="#" ind2="#">
<subfield code="$a">2317-0190</subfield>
</datafield>
<datafield tag="022" ind1="#" ind2="#">
<subfield code="$a">0104-7795</subfield>
</datafield>
<datafield tag="042" ind1=" " ind2=" ">
<subfield code="a">dc</subfield>
</datafield>
<datafield tag="245" ind1="0" ind2="0">
<subfield code="a">Restrição visual e oscilações corporais ântero-posteriores na doença de Parkinson</subfield>
</datafield>  <datafield tag="720" ind1="1" ind2=" ">
<subfield code="a">Sánchez-Arias, Mônica Del Rosario</subfield>
<subfield code="u">Universidade Estadual Paulista - UNESP</subfield></datafield>
<datafield tag="720" ind1="1" ind2=" ">
<subfield code="a">Kleiner, Ana Francisca Rozin</subfield>
<subfield code="u">Universidade Estadual de Campinas - UNICAMP</subfield></datafield>
<datafield tag="720" ind1="1" ind2=" ">
<subfield code="a">Hamanaka, Ágata Yoko Yasue</subfield>
<subfield code="u">Universidade Estadual Paulista - UNESP</subfield></datafield>
<datafield tag="720" ind1="1" ind2=" ">
<subfield code="a">Santiago, Paulo Roberto Pereira</subfield>
<subfield code="u">Universidade de São Paulo. Escola de Educação Física e Esporte de Ribeirão Preto</subfield></datafield>
<datafield tag="720" ind1="1" ind2=" ">
<subfield code="a">Gobbi, Lilian Teresa Bucken</subfield>
<subfield code="u">Universidade Estadual Paulista - UNESP</subfield></datafield>
<datafield tag="720" ind1="1" ind2=" ">
<subfield code="a">Stella, Florindo</subfield>
<subfield code="u">Universidade Estadual Paulista - UNESP</subfield></datafield>
<datafield tag="520" ind1=" " ind2=" ">
<subfield code="a"> With their vision restricted, sufferers of Parkinson’s disease (PD) make few anticipatory and/or compensatory adjustments in their posture and the evidence of these adjustments is even less when the disease progresses and body oscillations are considered. Objective: The aim of this study was to demonstrate the effects of visual restriction on the anterior-posterior body oscillation angles in parkinsonian stance considering the early stages of this disease. Method: Ten elderly PD patients with Hoehn &amp; Yahr (HY) stage 2 remained standing still for 30 seconds to measure the body oscillation angles with and without restricted vision. Results: Two-way ANOVA analyses with repeated measurements revealed the main effect of vision (F(1,7) = 8.931, p &lt; 0.02). Conclusion: The angles of the anterior-posterior body oscillations without visibility were greater than with visibility. They did not differ in correlation with the HY stages and visibility conditions interfered with the postural control regardless of the PD evolution stage. </subfield>
</datafield>
<datafield tag="260" ind1=" " ind2=" ">
<subfield code="b">Faculdade de Medicina, Universidade de São Paulo</subfield>
</datafield>
<dataField tag="260" ind1=" " ind2=" ">
<subfield code="c">2012-09-09 00:00:00</subfield>
</dataField>   <datafield tag="856" ind1=" " ind2=" ">
<subfield code="q">application/pdf</subfield>
</datafield>
<datafield tag="856" ind1=" " ind2=" ">
<subfield code="q">application/pdf</subfield>
</datafield>
<datafield tag="856" ind1="4" ind2="0">
<subfield code="u">https://www.revistas.usp.br/actafisiatrica/article/view/103709</subfield>
</datafield>  <datafield tag="786" ind1="0" ind2=" ">
<subfield code="n">Acta Fisiátrica; v. 19 n. 3 (2012)</subfield>
</datafield>  <datafield tag="546" ind1=" " ind2=" ">
<subfield code="a">eng</subfield>
</datafield>   <datafield tag="540" ind1=" " ind2=" ">
<subfield code="a">Copyright (c) 2012 Acta Fisiátrica</subfield>
</datafield>
</record>
</metadata>
</record>