
<record>
<header>
<identifier>oai:revistas.usp.br:article/103710</identifier>
<datestamp>2019-09-26T18:05:52Z</datestamp>
<setSpec>actafisiatrica:Art.+Orig.</setSpec>
<setSpec>driver</setSpec>
</header>
<metadata>
<record xmlns="http://www.loc.gov/MARC21/slim" xmlns:xsi="http://www.w3.org/2001/XMLSchema-instance" xsi:schemaLocation="http://www.loc.gov/MARC21/slim http://www.loc.gov/standards/marcxml/schema/MARC21slim.xsd">
<leader>     nmb a2200000Iu 4500</leader>
<controlfield tag="008">"120909 2012                        eng  "</controlfield>
<datafield tag="022" ind1="#" ind2="#">
<subfield code="$a">2317-0190</subfield>
</datafield>
<datafield tag="022" ind1="#" ind2="#">
<subfield code="$a">0104-7795</subfield>
</datafield>
<datafield tag="042" ind1=" " ind2=" ">
<subfield code="a">dc</subfield>
</datafield>
<datafield tag="245" ind1="0" ind2="0">
<subfield code="a">Prevalência de dor fantasma em amputados do Lar Escola São Francisco</subfield>
</datafield>  <datafield tag="720" ind1="1" ind2=" ">
<subfield code="a">Chamlian, Therezinha Rosane</subfield>
<subfield code="u">Universidade Federal de São Paulo - UNIFESP</subfield></datafield>
<datafield tag="720" ind1="1" ind2=" ">
<subfield code="a">Bonilha, Mariana Matteis Martins</subfield>
<subfield code="u">Universidade Federal de São Paulo - UNIFESP</subfield></datafield>
<datafield tag="720" ind1="1" ind2=" ">
<subfield code="a">Macêdo, Márcia Cristina Matos</subfield>
<subfield code="u">Universidade Federal de São Paulo - UNIFESP</subfield></datafield>
<datafield tag="720" ind1="1" ind2=" ">
<subfield code="a">Rezende, Flávia</subfield>
<subfield code="u">Universidade Federal de São Paulo - UNIFESP</subfield></datafield>
<datafield tag="720" ind1="1" ind2=" ">
<subfield code="a">Leal, Caio Augusto Pereira</subfield>
<subfield code="u">Faculdade Metropolitanas Unidas</subfield></datafield>
<datafield tag="520" ind1=" " ind2=" ">
<subfield code="a"> The physiopathology of phantom limb pain is characterized by cortical map reorganization, a process that involves plasticity in sensorimotor representations. The presence of phantom limb pain can interfere with the physical and psychosocial rehabilitation of amputees, compromising the patient’s acquisition of skills and quality of life. Objective: To determine the prevalence of phantom limb pain in amputees seen at the Lar Escola São Francisco (LESF). Methods: The records of patients attending the Amputation and Prosthesis Group between January 2005 and December 2010 were analyzed regarding the presence or absence of signs of phantom limb pain. Results: Phantom limb pain was reported in 10 of 330 records analyzed, corresponding to a proportion of 3.3%. Conclusion: Prevalence of phantom limb pain was low among amputees studied at LESF. Its approach needs to be better investigated during individual assessment of amputees. </subfield>
</datafield>
<datafield tag="260" ind1=" " ind2=" ">
<subfield code="b">Faculdade de Medicina, Universidade de São Paulo</subfield>
</datafield>
<dataField tag="260" ind1=" " ind2=" ">
<subfield code="c">2012-09-09 00:00:00</subfield>
</dataField>   <datafield tag="856" ind1=" " ind2=" ">
<subfield code="q">application/pdf</subfield>
</datafield>
<datafield tag="856" ind1=" " ind2=" ">
<subfield code="q">application/pdf</subfield>
</datafield>
<datafield tag="856" ind1="4" ind2="0">
<subfield code="u">https://www.revistas.usp.br/actafisiatrica/article/view/103710</subfield>
</datafield>  <datafield tag="786" ind1="0" ind2=" ">
<subfield code="n">Acta Fisiátrica; v. 19 n. 3 (2012)</subfield>
</datafield>  <datafield tag="546" ind1=" " ind2=" ">
<subfield code="a">eng</subfield>
</datafield>   <datafield tag="540" ind1=" " ind2=" ">
<subfield code="a">Copyright (c) 2012 Acta Fisiátrica</subfield>
</datafield>
</record>
</metadata>
</record>