
<record>
<header>
<identifier>oai:revistas.usp.br:article/103711</identifier>
<datestamp>2019-09-26T19:51:26Z</datestamp>
<setSpec>actafisiatrica:Art.+Orig.</setSpec>
<setSpec>driver</setSpec>
</header>
<metadata>
<record xmlns="http://www.loc.gov/MARC21/slim" xmlns:xsi="http://www.w3.org/2001/XMLSchema-instance" xsi:schemaLocation="http://www.loc.gov/MARC21/slim http://www.loc.gov/standards/marcxml/schema/MARC21slim.xsd">
<leader>     nmb a2200000Iu 4500</leader>
<controlfield tag="008">"120909 2012                        eng  "</controlfield>
<datafield tag="022" ind1="#" ind2="#">
<subfield code="$a">2317-0190</subfield>
</datafield>
<datafield tag="022" ind1="#" ind2="#">
<subfield code="$a">0104-7795</subfield>
</datafield>
<datafield tag="042" ind1=" " ind2=" ">
<subfield code="a">dc</subfield>
</datafield>
<datafield tag="245" ind1="0" ind2="0">
<subfield code="a">Estudo sobre as características da dor em pacientes com lesão medular</subfield>
</datafield>  <datafield tag="720" ind1="1" ind2=" ">
<subfield code="a">Rodrigues, Adriana Vieira</subfield>
<subfield code="u">Universidade Estadual de Londrina - UEL</subfield></datafield>
<datafield tag="720" ind1="1" ind2=" ">
<subfield code="a">Vidal, Wesley Araújo Sampaio</subfield>
<subfield code="u">Universidade Estadual de Londrina - UEL</subfield></datafield>
<datafield tag="720" ind1="1" ind2=" ">
<subfield code="a">Lemes, Joseane Andréa</subfield>
<subfield code="u">Universidade Estadual de Londrina - UEL</subfield></datafield>
<datafield tag="720" ind1="1" ind2=" ">
<subfield code="a">Gôngora, Carolina Spagnuolo</subfield>
<subfield code="u">Universidade Estadual de Londrina - UEL</subfield></datafield>
<datafield tag="720" ind1="1" ind2=" ">
<subfield code="a">Neves, Thalita Correa</subfield>
<subfield code="u">Universidade Estadual de Londrina - UEL</subfield></datafield>
<datafield tag="720" ind1="1" ind2=" ">
<subfield code="a">Santos, Suhaila Mahmoud Smaili</subfield>
<subfield code="u">Universidade Estadual de Londrina - UEL</subfield></datafield>
<datafield tag="720" ind1="1" ind2=" ">
<subfield code="a">Souza, Roger Burgo de</subfield>
<subfield code="u">Universidade Estadual de Londrina - UEL</subfield></datafield>
<datafield tag="520" ind1=" " ind2=" ">
<subfield code="a"> Aside from the loss of functionality after a spinal cord injury (SCI) pain is considered one of the most disabling complications experienced in the rehabilitation process, even with the significant advances in understanding the physiopathology and treatment of the pain, the approach to this symptom is still precarious in spinal cord injury. Objective: To describe the characteristics of pain in this population and to associate the pain between variables such as the type of injury, the interference in the daily living activities (DLA), and its onset. Method: It is a descriptive cross-sectional study and was conducted on 77 patients with spinal cord injuries; the survey was applied using a semi-structured interview. Mean and standard deviation and absolute and relative frequencies were calculated, and for the association between qualitative variables we used the Chisquare test (χ²). Results: The mean age was 38.26 ± 12.43 years, 84.4% of which were men, and 80.5% were paraplegics. Thirty-one were caused by motor vehicle crashes and twenty-nine were by gunshot; 61% of them were fully disabled. As for the pain, 44.2% reported severe pain and 29.8% moderate, 50.6% felt no pain above the lesion, but 58.4% felt it below. Thirty-nine patients reported feeling burning pain, 40% reported that the pain came in the first year after SCI. Pain intensity was 5.44 ± 3.18 points, with 5.20 ± 3.07 in men and 6.75 ± 3.54 in women; for tetraplegic individuals it was 4.13 ± 3.18 and with 5.76 ± 3.12 in the paraplegics. For 27 patients the pain worsened if they remained in the same position, improved to 22 by performing physiotherapy, and to 21 with a change in position. For 68.8% of the patients the pain did not interfere with their DLAs. Twenty-eight used analgesics. It was significantly mentioned that the presence of pain below the lesion interferes with the DLAs (p = 0.04) and appears in the first year after injury above and below the lesion (p = 0.05 and p = 0.01), respectively. Conclusion: Pain was prevalent in those with injured spinal cords, more evident in women, and for the majority arose in the first year after injury and interferes with their DLA. Physiotherapy and a change of position decreased the pain. Therefore, orientations and interventions by the multidisciplinary team should be immediate after the injury, because the prevention or reduction of this complication will lead to an improved quality of life and the re-adaptation of the patient to their family and social life. </subfield>
</datafield>
<datafield tag="260" ind1=" " ind2=" ">
<subfield code="b">Faculdade de Medicina, Universidade de São Paulo</subfield>
</datafield>
<dataField tag="260" ind1=" " ind2=" ">
<subfield code="c">2012-09-09 00:00:00</subfield>
</dataField>   <datafield tag="856" ind1=" " ind2=" ">
<subfield code="q">application/pdf</subfield>
</datafield>
<datafield tag="856" ind1=" " ind2=" ">
<subfield code="q">application/pdf</subfield>
</datafield>
<datafield tag="856" ind1="4" ind2="0">
<subfield code="u">https://www.revistas.usp.br/actafisiatrica/article/view/103711</subfield>
</datafield>  <datafield tag="786" ind1="0" ind2=" ">
<subfield code="n">Acta Fisiátrica; v. 19 n. 3 (2012)</subfield>
</datafield>  <datafield tag="546" ind1=" " ind2=" ">
<subfield code="a">eng</subfield>
</datafield>   <datafield tag="540" ind1=" " ind2=" ">
<subfield code="a">Copyright (c) 2012 Acta Fisiátrica</subfield>
</datafield>
</record>
</metadata>
</record>