
<record>
<header>
<identifier>oai:revistas.usp.br:article/103712</identifier>
<datestamp>2019-09-27T11:22:03Z</datestamp>
<setSpec>actafisiatrica:Art.+Orig.</setSpec>
<setSpec>driver</setSpec>
</header>
<metadata>
<record xmlns="http://www.loc.gov/MARC21/slim" xmlns:xsi="http://www.w3.org/2001/XMLSchema-instance" xsi:schemaLocation="http://www.loc.gov/MARC21/slim http://www.loc.gov/standards/marcxml/schema/MARC21slim.xsd">
<leader>     nmb a2200000Iu 4500</leader>
<controlfield tag="008">"120909 2012                        eng  "</controlfield>
<datafield tag="022" ind1="#" ind2="#">
<subfield code="$a">2317-0190</subfield>
</datafield>
<datafield tag="022" ind1="#" ind2="#">
<subfield code="$a">0104-7795</subfield>
</datafield>
<datafield tag="042" ind1=" " ind2=" ">
<subfield code="a">dc</subfield>
</datafield>
<datafield tag="245" ind1="0" ind2="0">
<subfield code="a">Melhora na qualidade de vida e da dor referida em trabalhadores com síndrome do impacto após aplicação do método Isostretching</subfield>
</datafield>  <datafield tag="720" ind1="1" ind2=" ">
<subfield code="a">Barbosa, Érica Carvalho</subfield>
<subfield code="u">Universidade Estadual de Campinas - UNICAMP</subfield></datafield>
<datafield tag="720" ind1="1" ind2=" ">
<subfield code="a">Peres, Claudia Maria</subfield>
<subfield code="u">Universidade Estadual de Campinas - UNICAMP</subfield></datafield>
<datafield tag="720" ind1="1" ind2=" ">
<subfield code="a">Lucca, Sérgio Roberto de</subfield>
<subfield code="u">Universidade Estadual de Campinas - UNICAMP</subfield></datafield>
<datafield tag="720" ind1="1" ind2=" ">
<subfield code="a">Oliveira, José Inácio de</subfield>
<subfield code="u">Universidade Estadual de Campinas - UNICAMP</subfield></datafield>
<datafield tag="520" ind1=" " ind2=" ">
<subfield code="a"> Among Work-Related Musculoskeletal Disorders, the Shoulder Impingement Syndrome (SIS) is the leading cause of work disability. Aside being off work, many cases often require physiotherapy. The Isostretching method can be an alternative and can contribute to improving the quality of life of workers with SIS. Objective: To verify the effects of a treatment protocol based on the Isostretching method in individuals with SIS, in improving the quality of life and decreasing pain intensity. Method: By analyzing patient records in treatment at the occupational health clinic and other Unicamp clinics, 30 volunteers were selected and submitted to 12 physiotherapy sessions with the Isostretching method for 6 weeks. The volunteers were evaluated before and after the proposed protocol using the SF-36 quality of life questionnaire and a visual numeric pain scale. Data was analyzed using (ANOVA) variance analysis, which was performed using software R, version 2.12.0. Results: The results of the SF-36 quality of life questionnaire showed statistically significant differences (p &lt; 0.05) in most areas. In the visual numeric scale from zero to ten, the average value was 6.63 points pre-treatment and 3.23 post-treatment, which was significant (p &lt; 0.05). Conclusion: The proposed protocol was effective in improving the quality of life and in reducing pain in the group of volunteers studied. </subfield>
</datafield>
<datafield tag="260" ind1=" " ind2=" ">
<subfield code="b">Faculdade de Medicina, Universidade de São Paulo</subfield>
</datafield>
<dataField tag="260" ind1=" " ind2=" ">
<subfield code="c">2012-09-09 00:00:00</subfield>
</dataField>   <datafield tag="856" ind1=" " ind2=" ">
<subfield code="q">application/pdf</subfield>
</datafield>
<datafield tag="856" ind1=" " ind2=" ">
<subfield code="q">application/pdf</subfield>
</datafield>
<datafield tag="856" ind1="4" ind2="0">
<subfield code="u">https://www.revistas.usp.br/actafisiatrica/article/view/103712</subfield>
</datafield>  <datafield tag="786" ind1="0" ind2=" ">
<subfield code="n">Acta Fisiátrica; v. 19 n. 3 (2012)</subfield>
</datafield>  <datafield tag="546" ind1=" " ind2=" ">
<subfield code="a">eng</subfield>
</datafield>   <datafield tag="540" ind1=" " ind2=" ">
<subfield code="a">Copyright (c) 2012 Acta Fisiátrica</subfield>
</datafield>
</record>
</metadata>
</record>