
<record>
<header>
<identifier>oai:revistas.usp.br:article/103715</identifier>
<datestamp>2019-09-27T11:32:49Z</datestamp>
<setSpec>actafisiatrica:Art.+Rev.</setSpec>
<setSpec>driver</setSpec>
</header>
<metadata>
<record xmlns="http://www.loc.gov/MARC21/slim" xmlns:xsi="http://www.w3.org/2001/XMLSchema-instance" xsi:schemaLocation="http://www.loc.gov/MARC21/slim http://www.loc.gov/standards/marcxml/schema/MARC21slim.xsd">
<leader>     nmb a2200000Iu 4500</leader>
<controlfield tag="008">"120909 2012                        eng  "</controlfield>
<datafield tag="022" ind1="#" ind2="#">
<subfield code="$a">2317-0190</subfield>
</datafield>
<datafield tag="022" ind1="#" ind2="#">
<subfield code="$a">0104-7795</subfield>
</datafield>
<datafield tag="042" ind1=" " ind2=" ">
<subfield code="a">dc</subfield>
</datafield>
<datafield tag="245" ind1="0" ind2="0">
<subfield code="a">Efetividade da escola postural em portadores de dor lombar crônica inespecífica</subfield>
</datafield>  <datafield tag="720" ind1="1" ind2=" ">
<subfield code="a">Vieira, Adriane</subfield>
<subfield code="u">Universidade Federal do Rio Grande do Sul - UFRGS</subfield></datafield>
<datafield tag="720" ind1="1" ind2=" ">
<subfield code="a">Braga, Rafaela de Macedo</subfield>
<subfield code="u">Universidade Federal do Rio Grande do Sul - UFRGS</subfield></datafield>
<datafield tag="720" ind1="1" ind2=" ">
<subfield code="a">Bartz, Patrícia Thurow</subfield>
<subfield code="u">Universidade Federal do Rio Grande do Sul - UFRGS</subfield></datafield>
<datafield tag="720" ind1="1" ind2=" ">
<subfield code="a">Candotti, Claudia Tarragô</subfield>
<subfield code="u">Universidade Federal do Rio Grande do Sul - UFRGS</subfield></datafield>
<datafield tag="520" ind1=" " ind2=" ">
<subfield code="a"> Spinal pains affect 70% to 80% of the adult population at some point in life and are considered one of the most common reasons for early retirement for total or partial disability. The treatments’ high cost and the lack of efficiency of conventional therapeutic practices are at the root of the Back School’s creation. Objective: The purpose of this study was to perform a systematic review of literature over the last ten years to verify the effectiveness of the Back School with those who suffer from chronic nonspecific low back pain. Method: The search was conducted in the computerized databases of Medline, Embase, and Lilacs. The search’s criteria for the three databases were randomized articles about the Back School’s effectiveness over the last ten years. The methodological quality of the selected studies in this review was evaluated using a set composed of nine criteria. Overall, five studies were included in this review, four being considered of high quality. Results: Two of the study’s considered articles come from Brazil, demonstrating the interest this country’s researchers have for this approach to chronic nonspecific low back pain. Every study analyzed presented positive results for the effectiveness of the Back School in the short and medium-term. Conclusion: With this research we conclude that the Back School programs have been considered as an important tool, not just in the treatment, but also in the prevention of chronic nonspecific low back pain. However, more studies are needed to assess the referred tool in the long-term and with methodological standardized procedures. </subfield>
</datafield>
<datafield tag="260" ind1=" " ind2=" ">
<subfield code="b">Faculdade de Medicina, Universidade de São Paulo</subfield>
</datafield>
<dataField tag="260" ind1=" " ind2=" ">
<subfield code="c">2012-09-09 00:00:00</subfield>
</dataField>   <datafield tag="856" ind1=" " ind2=" ">
<subfield code="q">application/pdf</subfield>
</datafield>
<datafield tag="856" ind1=" " ind2=" ">
<subfield code="q">application/pdf</subfield>
</datafield>
<datafield tag="856" ind1="4" ind2="0">
<subfield code="u">https://www.revistas.usp.br/actafisiatrica/article/view/103715</subfield>
</datafield>  <datafield tag="786" ind1="0" ind2=" ">
<subfield code="n">Acta Fisiátrica; v. 19 n. 3 (2012)</subfield>
</datafield>  <datafield tag="546" ind1=" " ind2=" ">
<subfield code="a">eng</subfield>
</datafield>   <datafield tag="540" ind1=" " ind2=" ">
<subfield code="a">Copyright (c) 2012 Acta Fisiátrica</subfield>
</datafield>
</record>
</metadata>
</record>