
<record>
<header>
<identifier>oai:revistas.usp.br:article/103716</identifier>
<datestamp>2019-09-27T11:38:21Z</datestamp>
<setSpec>actafisiatrica:Art.+Rev.</setSpec>
<setSpec>driver</setSpec>
</header>
<metadata>
<record xmlns="http://www.loc.gov/MARC21/slim" xmlns:xsi="http://www.w3.org/2001/XMLSchema-instance" xsi:schemaLocation="http://www.loc.gov/MARC21/slim http://www.loc.gov/standards/marcxml/schema/MARC21slim.xsd">
<leader>     nmb a2200000Iu 4500</leader>
<controlfield tag="008">"120909 2012                        eng  "</controlfield>
<datafield tag="022" ind1="#" ind2="#">
<subfield code="$a">2317-0190</subfield>
</datafield>
<datafield tag="022" ind1="#" ind2="#">
<subfield code="$a">0104-7795</subfield>
</datafield>
<datafield tag="042" ind1=" " ind2=" ">
<subfield code="a">dc</subfield>
</datafield>
<datafield tag="245" ind1="0" ind2="0">
<subfield code="a">Efeitos da oclusão vascular parcial no ganho de força muscular</subfield>
</datafield>  <datafield tag="720" ind1="1" ind2=" ">
<subfield code="a">Costa, Gabriela Perpétua Neves da</subfield>
<subfield code="u">Centro Universitário da Fundação Educacional de Guaxupé - UNIFEG</subfield></datafield>
<datafield tag="720" ind1="1" ind2=" ">
<subfield code="a">Moreira, Valéria Perpétua</subfield>
<subfield code="u">Centro Universitário da Fundação Educacional de Guaxupé - UNIFEG</subfield></datafield>
<datafield tag="720" ind1="1" ind2=" ">
<subfield code="a">Reis, Amir Curcio dos</subfield>
<subfield code="u">Universidade Nove de Julho - UNINOVE</subfield></datafield>
<datafield tag="720" ind1="1" ind2=" ">
<subfield code="a">Leite, Saulo Nani</subfield>
<subfield code="u">Centro Universitário da Fundação Educacional de Guaxupé - UNIFEG</subfield></datafield>
<datafield tag="720" ind1="1" ind2=" ">
<subfield code="a">Lodovichi, Samuel Straceri</subfield>
<subfield code="u">Centro Universitário da Fundação Educacional de Guaxupé - UNIFEG</subfield></datafield>
<datafield tag="520" ind1=" " ind2=" ">
<subfield code="a"> Objective: To investigate the effects of low-intensity resistance exercise associated with vascular occlusion in strength and muscle volume. Method: We performed a systematic review in electronic databases: Science Direct, PEDro, and Pubmed, in which were reviewed only randomized clinical trials with a score over 50% according to the PEDro scale. Results: During the survey 440 articles were pre-selected and reviewed, but in the final selection only seven articles met all inclusion criteria and specifications set. Conclusion: We conclude that low-intensity exercise with blood occlusion is an effective alternative in inducing muscle hypertrophy and is seen as a new possibility of targeted muscle training for young people and seniors. However, we need more studies, for there are still points that remain unclear, such as pain and discomfort during training. </subfield>
</datafield>
<datafield tag="260" ind1=" " ind2=" ">
<subfield code="b">Faculdade de Medicina, Universidade de São Paulo</subfield>
</datafield>
<dataField tag="260" ind1=" " ind2=" ">
<subfield code="c">2012-09-09 00:00:00</subfield>
</dataField>   <datafield tag="856" ind1=" " ind2=" ">
<subfield code="q">application/pdf</subfield>
</datafield>
<datafield tag="856" ind1=" " ind2=" ">
<subfield code="q">application/pdf</subfield>
</datafield>
<datafield tag="856" ind1="4" ind2="0">
<subfield code="u">https://www.revistas.usp.br/actafisiatrica/article/view/103716</subfield>
</datafield>  <datafield tag="786" ind1="0" ind2=" ">
<subfield code="n">Acta Fisiátrica; v. 19 n. 3 (2012)</subfield>
</datafield>  <datafield tag="546" ind1=" " ind2=" ">
<subfield code="a">eng</subfield>
</datafield>   <datafield tag="540" ind1=" " ind2=" ">
<subfield code="a">Copyright (c) 2012 Acta Fisiátrica</subfield>
</datafield>
</record>
</metadata>
</record>