
<record>
<header>
<identifier>oai:revistas.usp.br:article/103717</identifier>
<datestamp>2019-11-25T18:50:03Z</datestamp>
<setSpec>actafisiatrica:Art.+Orig.</setSpec>
<setSpec>driver</setSpec>
</header>
<metadata>
<record xmlns="http://www.loc.gov/MARC21/slim" xmlns:xsi="http://www.w3.org/2001/XMLSchema-instance" xsi:schemaLocation="http://www.loc.gov/MARC21/slim http://www.loc.gov/standards/marcxml/schema/MARC21slim.xsd">
<leader>     nmb a2200000Iu 4500</leader>
<controlfield tag="008">"121209 2012                        eng  "</controlfield>
<datafield tag="022" ind1="#" ind2="#">
<subfield code="$a">2317-0190</subfield>
</datafield>
<datafield tag="022" ind1="#" ind2="#">
<subfield code="$a">0104-7795</subfield>
</datafield>
<datafield tag="042" ind1=" " ind2=" ">
<subfield code="a">dc</subfield>
</datafield>
<datafield tag="245" ind1="0" ind2="0">
<subfield code="a">O impacto de dois diferentes programas de exercício físico na performance física e na fadiga relacionada ao câncer</subfield>
</datafield>  <datafield tag="720" ind1="1" ind2=" ">
<subfield code="a">Reis, Fabiana</subfield>
<subfield code="u">São Paulo State Cancer Institute</subfield></datafield>
<datafield tag="720" ind1="1" ind2=" ">
<subfield code="a">Cecatto, Rebeca Boltes</subfield>
<subfield code="u">São Paulo State Cancer Institute</subfield></datafield>
<datafield tag="720" ind1="1" ind2=" ">
<subfield code="a">Brito, Christina May Moran de</subfield>
</datafield>
<datafield tag="720" ind1="1" ind2=" ">
<subfield code="a">Hoff, Paulo Marcelo Gehm</subfield>
</datafield>
<datafield tag="720" ind1="1" ind2=" ">
<subfield code="a">Battistella, Linamara Rizzo</subfield>
<subfield code="0">https://orcid.org/0000-0001-5275-0733</subfield></datafield>
<datafield tag="520" ind1=" " ind2=" ">
<subfield code="a"> Cancer-related fatigue is a common symptom in patients with cancer, which is experienced by 70% to 100% of these patients and brings some impairment of physical and mental performance, hinders their working or carrying out regular daily activities, and hence results in a substantial reduction of the quality of life. Physical exercise has consistently been identified as a central element of rehabilitation for many chronic diseases like cancer, and increasing evidence supports the contention that physical activity is a valuable intervention that can be utilized in conjunction with conventional therapies during CRF treatment. Objective: The aim of this study was to assess the impact of a program of physical exercise on fatigue levels and physical performance of cancer patients. Method: A consecutive series of 44 adult patients with neoplastic disease (solid or hematological), with a medical diagnosis of fatigue, who were enrolled in an oncological treatment, with the ability to walk and willing to enter a rehabilitation program of exercise for at least 4 consecutive months. The exercise program was performed two times per week, each session lasting one hour and consisting of aerobic, resistance, and flexibility exercises. The protocol was divided into aerobic exercise and resistance training combined with aerobic exercise. The patients were evaluated with two assessments: one prior to their beginning the exercise program and other at the end of the four-month program. In both assessments the patients completed the Revised Piper Fatigue Scale and the six-minute walk test. The primary outcome of change over baseline and after 16 weeks in PFS-R score and six-minute walk test were compared using a two sample two-sided t-test for both groups. Alpha level was set at p &lt; 0.05. Results: After 16 weeks, the patients who participated in the aerobic or the combined exercise program reported significantly higher levels of physical functioning (6-minute walking test, p = 0.0009 and p = 0.001, respectively) and significantly lower fatigue (PFS-R, p = 0.003 and p = 0.002, respectively) than at the beginning the exercise program. Conclusion: The results of patients who underwent aerobic or aerobic + anaerobic exercise showed statistically significant improvement of physical performance and of fatigue. Data from this study corroborates with the literature showing that exercise programs with aerobic or resistance exercises are an effective strategy for the treatment of fatigue. The results of this study confirm that physical exercise could be useful in rehabilitation of cancer survivors, especially for fatigued patients. </subfield>
</datafield>
<datafield tag="260" ind1=" " ind2=" ">
<subfield code="b">Faculdade de Medicina, Universidade de São Paulo</subfield>
</datafield>
<dataField tag="260" ind1=" " ind2=" ">
<subfield code="c">2012-12-09 00:00:00</subfield>
</dataField>   <datafield tag="856" ind1=" " ind2=" ">
<subfield code="q">application/pdf</subfield>
</datafield>
<datafield tag="856" ind1="4" ind2="0">
<subfield code="u">https://www.revistas.usp.br/actafisiatrica/article/view/103717</subfield>
</datafield>  <datafield tag="786" ind1="0" ind2=" ">
<subfield code="n">Acta Fisiátrica; v. 19 n. 4 (2012)</subfield>
</datafield>  <datafield tag="546" ind1=" " ind2=" ">
<subfield code="a">eng</subfield>
</datafield>   <datafield tag="540" ind1=" " ind2=" ">
<subfield code="a">Copyright (c) 2012 Acta Fisiátrica</subfield>
</datafield>
</record>
</metadata>
</record>