
<record>
<header>
<identifier>oai:revistas.usp.br:article/103720</identifier>
<datestamp>2019-09-26T13:32:17Z</datestamp>
<setSpec>actafisiatrica:Art.+Orig.</setSpec>
<setSpec>driver</setSpec>
</header>
<metadata>
<record xmlns="http://www.loc.gov/MARC21/slim" xmlns:xsi="http://www.w3.org/2001/XMLSchema-instance" xsi:schemaLocation="http://www.loc.gov/MARC21/slim http://www.loc.gov/standards/marcxml/schema/MARC21slim.xsd">
<leader>     nmb a2200000Iu 4500</leader>
<controlfield tag="008">"121209 2012                        eng  "</controlfield>
<datafield tag="022" ind1="#" ind2="#">
<subfield code="$a">2317-0190</subfield>
</datafield>
<datafield tag="022" ind1="#" ind2="#">
<subfield code="$a">0104-7795</subfield>
</datafield>
<datafield tag="042" ind1=" " ind2=" ">
<subfield code="a">dc</subfield>
</datafield>
<datafield tag="245" ind1="0" ind2="0">
<subfield code="a">Estimulação elétrica funcional na recuperação do membro superior de hemiparéticos após acidente vascular encefálico</subfield>
</datafield>  <datafield tag="720" ind1="1" ind2=" ">
<subfield code="a">Soares, Antonio Vinicius</subfield>
<subfield code="u">Núcleo de Pesquisas em Neurorreabilitação</subfield></datafield>
<datafield tag="720" ind1="1" ind2=" ">
<subfield code="a">Poluceno, Leila</subfield>
</datafield>
<datafield tag="720" ind1="1" ind2=" ">
<subfield code="a">Cremonini, Caroline da Rosa</subfield>
</datafield>
<datafield tag="720" ind1="1" ind2=" ">
<subfield code="a">Ponsoni, Priscila Baracho</subfield>
</datafield>
<datafield tag="720" ind1="1" ind2=" ">
<subfield code="a">Domenech, Susana Cristina</subfield>
<subfield code="u">Centro de Ciências da Saúde e do Esporte</subfield></datafield>
<datafield tag="720" ind1="1" ind2=" ">
<subfield code="a">Borges Júnior, Noé Gomes</subfield>
<subfield code="u">Centro de Ciências da Saúde e do Esporte</subfield></datafield>
<datafield tag="520" ind1=" " ind2=" ">
<subfield code="a"> The rehabilitation of the upper limb of hemiparetic patients by stroke is a major challenge. Among the various therapeutic resources used, functional electrical stimulation (FES) has been a popular avenue explored in treatment programs for these patients. Objective: To evaluate the effects of FES on wrist and finger extensors in a specific task (ST). Methods: We conducted a pre-experimental study (pre and post-tests) with eight chronic patients with a mean age of 63.4 years (± 6.1). The evaluation parameters were for manual mobility by the hand movement scale (EMM), grip strength by dynamometry (Din), dexterity of the upper limb by the box and blocks test (CB) and the 9-pin and holes test (9PB), spasticity by the modified Ashworth scale (MAS), and functional independence by the Barthel index (BI). The ST chosen was performing the movement of reaching and grasping plastic bottles of different sizes with the affected upper limb in different combinations of positions for a total maximum of 54 repetitions per session. FES was used to assist the hand in grabbing and holding the object during the ST. There was a mean of 20 sessions with attendance twice a week. Results: The results showed improvement in all parameters, the difference was statistically significant in all the tests, except for Din. Conclusion: In this sample, FES in the proposed ST resulted in improved performance in the upper limb function of patients undergoing treatment. </subfield>
</datafield>
<datafield tag="260" ind1=" " ind2=" ">
<subfield code="b">Faculdade de Medicina, Universidade de São Paulo</subfield>
</datafield>
<dataField tag="260" ind1=" " ind2=" ">
<subfield code="c">2012-12-09 00:00:00</subfield>
</dataField>   <datafield tag="856" ind1=" " ind2=" ">
<subfield code="q">application/pdf</subfield>
</datafield>
<datafield tag="856" ind1=" " ind2=" ">
<subfield code="q">application/pdf</subfield>
</datafield>
<datafield tag="856" ind1="4" ind2="0">
<subfield code="u">https://www.revistas.usp.br/actafisiatrica/article/view/103720</subfield>
</datafield>  <datafield tag="786" ind1="0" ind2=" ">
<subfield code="n">Acta Fisiátrica; v. 19 n. 4 (2012)</subfield>
</datafield>  <datafield tag="546" ind1=" " ind2=" ">
<subfield code="a">eng</subfield>
</datafield>   <datafield tag="540" ind1=" " ind2=" ">
<subfield code="a">Copyright (c) 2012 Acta Fisiátrica</subfield>
</datafield>
</record>
</metadata>
</record>