
<record>
<header>
<identifier>oai:revistas.usp.br:article/103721</identifier>
<datestamp>2019-12-04T22:10:07Z</datestamp>
<setSpec>actafisiatrica:Art.+Orig.</setSpec>
<setSpec>driver</setSpec>
</header>
<metadata>
<record xmlns="http://www.loc.gov/MARC21/slim" xmlns:xsi="http://www.w3.org/2001/XMLSchema-instance" xsi:schemaLocation="http://www.loc.gov/MARC21/slim http://www.loc.gov/standards/marcxml/schema/MARC21slim.xsd">
<leader>     nmb a2200000Iu 4500</leader>
<controlfield tag="008">"121209 2012                        eng  "</controlfield>
<datafield tag="022" ind1="#" ind2="#">
<subfield code="$a">2317-0190</subfield>
</datafield>
<datafield tag="022" ind1="#" ind2="#">
<subfield code="$a">0104-7795</subfield>
</datafield>
<datafield tag="042" ind1=" " ind2=" ">
<subfield code="a">dc</subfield>
</datafield>
<datafield tag="245" ind1="0" ind2="0">
<subfield code="a">Implicações das alterações de cognição social no processo de reabilitação global do paciente vítima de traumatismo crânioencefálico</subfield>
</datafield>  <datafield tag="720" ind1="1" ind2=" ">
<subfield code="a">Cruz, Sheila</subfield>
<subfield code="u">Universidade de São Paulo. Faculdade de Medicina</subfield></datafield>
<datafield tag="720" ind1="1" ind2=" ">
<subfield code="a">Schewinsky, Sandra Regina</subfield>
<subfield code="u">Universidade de São Paulo. Faculdade de Medicina</subfield></datafield>
<datafield tag="720" ind1="1" ind2=" ">
<subfield code="a">Alves, Vera Lúcia Rodrigues</subfield>
<subfield code="u">Universidade de São Paulo. Faculdade de Medicina</subfield></datafield>
<datafield tag="520" ind1=" " ind2=" ">
<subfield code="a"> Social cognition can be understood as the operation of cognitive processes applied to relationships, modulating the behavioral response of human beings in a social group. Objective: From this perspective, this paper aims to review concepts of social cognition and its changes in victims of traumatic brain injury with lesions in the frontal region and the implications on the subject’s affectivity, as well as the influences on the overall rehabilitation process. The relevance of the study is based on the fact that there is now a growing number of people affected by neurological injuries and who are victims of their implications. Method: For this purpose, the methodology used was a review of the literature that encompassed Brazilian books and articles on the topic published between 1994 and 2011. Results: The discussion aims to contribute to a better understanding of the loss of neurological involvement, which thereby enables more collaboration with the rehabilitation process and a better quality of life for these patients. Conclusion: We concluded that changes of social cognition and affectivity bring several ramifications regarding the development of the rehabilitation program, hence it is relevant in these cases to consider neuropsychological rehabilitation as a process that promotes the re-establishment of social relationships. The role of the psychologist is in helping to build coping strategies for the current condition of people who have suffered this involvement, seeking to provide them a better quality of life. </subfield>
</datafield>
<datafield tag="260" ind1=" " ind2=" ">
<subfield code="b">Faculdade de Medicina, Universidade de São Paulo</subfield>
</datafield>
<dataField tag="260" ind1=" " ind2=" ">
<subfield code="c">2012-12-09 00:00:00</subfield>
</dataField>   <datafield tag="856" ind1=" " ind2=" ">
<subfield code="q">application/pdf</subfield>
</datafield>
<datafield tag="856" ind1=" " ind2=" ">
<subfield code="q">application/pdf</subfield>
</datafield>
<datafield tag="856" ind1="4" ind2="0">
<subfield code="u">https://www.revistas.usp.br/actafisiatrica/article/view/103721</subfield>
</datafield>  <datafield tag="786" ind1="0" ind2=" ">
<subfield code="n">Acta Fisiátrica; v. 19 n. 4 (2012)</subfield>
</datafield>  <datafield tag="546" ind1=" " ind2=" ">
<subfield code="a">eng</subfield>
</datafield>   <datafield tag="540" ind1=" " ind2=" ">
<subfield code="a">Copyright (c) 2012 Acta Fisiátrica</subfield>
</datafield>
</record>
</metadata>
</record>