
<record>
<header>
<identifier>oai:revistas.usp.br:article/103722</identifier>
<datestamp>2019-12-04T22:12:41Z</datestamp>
<setSpec>actafisiatrica:Art.+Orig.</setSpec>
<setSpec>driver</setSpec>
</header>
<metadata>
<record xmlns="http://www.loc.gov/MARC21/slim" xmlns:xsi="http://www.w3.org/2001/XMLSchema-instance" xsi:schemaLocation="http://www.loc.gov/MARC21/slim http://www.loc.gov/standards/marcxml/schema/MARC21slim.xsd">
<leader>     nmb a2200000Iu 4500</leader>
<controlfield tag="008">"121209 2012                        eng  "</controlfield>
<datafield tag="022" ind1="#" ind2="#">
<subfield code="$a">2317-0190</subfield>
</datafield>
<datafield tag="022" ind1="#" ind2="#">
<subfield code="$a">0104-7795</subfield>
</datafield>
<datafield tag="042" ind1=" " ind2=" ">
<subfield code="a">dc</subfield>
</datafield>
<datafield tag="245" ind1="0" ind2="0">
<subfield code="a">Correlação entre os testes Pick-Up de Moberg e a estesiometria após reconstrução do nervo mediano</subfield>
</datafield>  <datafield tag="720" ind1="1" ind2=" ">
<subfield code="a">Marcolino, Alexandre Marcio</subfield>
<subfield code="u">Universidade de São Paulo. Faculdade de Medicina de Ribeirão Preto</subfield></datafield>
<datafield tag="720" ind1="1" ind2=" ">
<subfield code="a">Barbosa, Rafael Inacio</subfield>
<subfield code="u">Universidade de São Paulo. Faculdade de Medicina de Ribeirão Preto</subfield></datafield>
<datafield tag="720" ind1="1" ind2=" ">
<subfield code="a">Souza, Daniela Neto Aguiar de</subfield>
<subfield code="u">Universidade de São Paulo. Faculdade de Medicina de Ribeirão Preto</subfield></datafield>
<datafield tag="720" ind1="1" ind2=" ">
<subfield code="a">Rebelo, Rafaela de Barros</subfield>
<subfield code="u">Universidade de São Paulo. Faculdade de Medicina de Ribeirão Preto</subfield></datafield>
<datafield tag="720" ind1="1" ind2=" ">
<subfield code="a">Delgado, Priscila Martins</subfield>
<subfield code="u">Universidade de São Paulo. Faculdade de Medicina de Ribeirão Preto</subfield></datafield>
<datafield tag="720" ind1="1" ind2=" ">
<subfield code="a">Mazzer, Nilton</subfield>
<subfield code="u">Universidade de São Paulo. Faculdade de Medicina de Ribeirão Preto</subfield></datafield>
<datafield tag="720" ind1="1" ind2=" ">
<subfield code="a">Elui, Valéria Meirelles Carril</subfield>
<subfield code="u">Universidade de São Paulo. Faculdade de Medicina de Ribeirão Preto</subfield></datafield>
<datafield tag="720" ind1="1" ind2=" ">
<subfield code="a">Fonseca, Marisa de Cássia Registro</subfield>
<subfield code="u">Universidade de São Paulo. Faculdade de Medicina de Ribeirão Preto</subfield></datafield>
<datafield tag="520" ind1=" " ind2=" ">
<subfield code="a"> Functional assessment of sensitivity is essential to analyzing the status, recovery, and effectiveness of the treatment program for patients who have suffered losses due to physical and/or sensory disability after peripheral nerve injuries. Such losses of sensation lead to a significant loss of hand function. Objective: The purpose of the present study was to establish a correlation between functional and sensory threshold tests after a peripheral nerve lesion in the hand. Method: Fourteen men aged 18 to 40 years, who had bruises and cut injuries at the volar region of the wrist resulting in median nerve lesion, were selected for study. All the subjects were at least 1-year post-surgery. An esthesiometer SORRI® and a modified Moberg pick-up test were used. The test was divided into two phases, one with eyes open and the other with eyes closed. Also, the same test was performed by two different examiners. It was a “blinded” test that was performed three times, being repeated by the examiners according to a random sequence kept during the entire evaluation. Mean age and standard deviation were obtained during analysis in which Pearson’s coefficient was calculated and the non-parametric Mann-Whitney test was applied at 5% significance. Results: The mean age was 27.14 years with a standard deviation of 6.43 years, with the lesions being more frequently seen in men aged 21 to 30 years. Also, 64% of the cases involved lesion of the dominant hand. Pearson’s coefficient (r) regarding the correlation between sensory threshold test and Moberg pick-up test ranged from 0.5 to 0.7, which was statistically significant. Confidence intervals and p-values obtained from the Mann-Whitney test showed no statistically significant differences. Conclusion: One can conclude, therefore, that despite lacking standardized measures, the Moberg pick-up test correlated with the functional test. However, further studies are needed to support validation and reliability of the two methods. </subfield>
</datafield>
<datafield tag="260" ind1=" " ind2=" ">
<subfield code="b">Faculdade de Medicina, Universidade de São Paulo</subfield>
</datafield>
<dataField tag="260" ind1=" " ind2=" ">
<subfield code="c">2012-12-09 00:00:00</subfield>
</dataField>   <datafield tag="856" ind1=" " ind2=" ">
<subfield code="q">application/pdf</subfield>
</datafield>
<datafield tag="856" ind1=" " ind2=" ">
<subfield code="q">application/pdf</subfield>
</datafield>
<datafield tag="856" ind1="4" ind2="0">
<subfield code="u">https://www.revistas.usp.br/actafisiatrica/article/view/103722</subfield>
</datafield>  <datafield tag="786" ind1="0" ind2=" ">
<subfield code="n">Acta Fisiátrica; v. 19 n. 4 (2012)</subfield>
</datafield>  <datafield tag="546" ind1=" " ind2=" ">
<subfield code="a">eng</subfield>
</datafield>   <datafield tag="540" ind1=" " ind2=" ">
<subfield code="a">Copyright (c) 2012 Acta Fisiátrica</subfield>
</datafield>
</record>
</metadata>
</record>