
<record>
<header>
<identifier>oai:revistas.usp.br:article/103723</identifier>
<datestamp>2019-09-26T14:09:52Z</datestamp>
<setSpec>actafisiatrica:Art.+Orig.</setSpec>
<setSpec>driver</setSpec>
</header>
<metadata>
<record xmlns="http://www.loc.gov/MARC21/slim" xmlns:xsi="http://www.w3.org/2001/XMLSchema-instance" xsi:schemaLocation="http://www.loc.gov/MARC21/slim http://www.loc.gov/standards/marcxml/schema/MARC21slim.xsd">
<leader>     nmb a2200000Iu 4500</leader>
<controlfield tag="008">"121209 2012                        eng  "</controlfield>
<datafield tag="022" ind1="#" ind2="#">
<subfield code="$a">2317-0190</subfield>
</datafield>
<datafield tag="022" ind1="#" ind2="#">
<subfield code="$a">0104-7795</subfield>
</datafield>
<datafield tag="042" ind1=" " ind2=" ">
<subfield code="a">dc</subfield>
</datafield>
<datafield tag="245" ind1="0" ind2="0">
<subfield code="a">A percepção emocional do cuidador familiar frente à técnica do cateterismo intermitente limpo na mielomeningocele</subfield>
</datafield>  <datafield tag="720" ind1="1" ind2=" ">
<subfield code="a">Costa, Regina Célia Villa</subfield>
<subfield code="u">Associação de Assistência à Criança Deficiente</subfield></datafield>
<datafield tag="720" ind1="1" ind2=" ">
<subfield code="a">Guiotoku, Elizabete Tsubomi Saito</subfield>
<subfield code="u">Associação de Assistência à Criança Deficiente</subfield></datafield>
<datafield tag="720" ind1="1" ind2=" ">
<subfield code="a">Kravchychyn, Helena</subfield>
<subfield code="u">Associação de Assistência à Criança Deficiente</subfield></datafield>
<datafield tag="720" ind1="1" ind2=" ">
<subfield code="a">Rocha, Juliana</subfield>
<subfield code="u">Associação de Assistência à Criança Deficiente</subfield></datafield>
<datafield tag="720" ind1="1" ind2=" ">
<subfield code="a">Carmo, Mariana Magalhães do</subfield>
<subfield code="u">Associação de Assistência à Criança Deficiente</subfield></datafield>
<datafield tag="720" ind1="1" ind2=" ">
<subfield code="a">Castro, Yara Pisanelli Gustavo</subfield>
</datafield>
<datafield tag="520" ind1=" " ind2=" ">
<subfield code="a"> There are many special needs of the urinary tract of a child with myelomeningocele, who requires constant help from a caregiver who is often a family member that can face doubts, fears, and difficulties related to the clean intermittent catheterization that is necessary in these cases. Objective: This study investigates the thoughts and feelings of family-member caregivers regarding their performing this technique on children, and analyzes how the caregiver feels about the possibility of the child carrying out the procedure him/herself later in life. Method: This observational and transversal research uses both qualitative and quantitative approaches. Also, structured interviews were made and recorded in audio with 15 family-member caregivers from a rehabilitation institution located in the city of São Paulo between April and August of 2012. Lexical and content analyses of the open questions was made using the software SPAD-T® version 1.5. Results: The categories found where: the caregiver’s general impression of the catheterization, how long it took to get used to the procedure, the caregiver’s perception of the child’s general impressions, references to the professional’s intervention, the caregiver’s perception of the auto-catheterization, the caregiver’s perception of how capable the child could be (to conduct the procedure him/ herself), and references to the (in)dependence in the caregiver-child relationship. The statistical analysis was made using the software SPSS® 15.0. Conclusion: All caregivers showed negative feelings and thoughts about the catheterization even though some of them mentioned positive points as well. Moreover, most caregivers could not answer clearly whether the child would perform the self-catheterization by itself in the future. </subfield>
</datafield>
<datafield tag="260" ind1=" " ind2=" ">
<subfield code="b">Faculdade de Medicina, Universidade de São Paulo</subfield>
</datafield>
<dataField tag="260" ind1=" " ind2=" ">
<subfield code="c">2012-12-09 00:00:00</subfield>
</dataField>   <datafield tag="856" ind1=" " ind2=" ">
<subfield code="q">application/pdf</subfield>
</datafield>
<datafield tag="856" ind1=" " ind2=" ">
<subfield code="q">application/pdf</subfield>
</datafield>
<datafield tag="856" ind1="4" ind2="0">
<subfield code="u">https://www.revistas.usp.br/actafisiatrica/article/view/103723</subfield>
</datafield>  <datafield tag="786" ind1="0" ind2=" ">
<subfield code="n">Acta Fisiátrica; v. 19 n. 4 (2012)</subfield>
</datafield>  <datafield tag="546" ind1=" " ind2=" ">
<subfield code="a">eng</subfield>
</datafield>   <datafield tag="540" ind1=" " ind2=" ">
<subfield code="a">Copyright (c) 2012 Acta Fisiátrica</subfield>
</datafield>
</record>
</metadata>
</record>