
<record>
<header>
<identifier>oai:revistas.usp.br:article/103724</identifier>
<datestamp>2019-09-26T14:16:43Z</datestamp>
<setSpec>actafisiatrica:Art.+Orig.</setSpec>
<setSpec>driver</setSpec>
</header>
<metadata>
<record xmlns="http://www.loc.gov/MARC21/slim" xmlns:xsi="http://www.w3.org/2001/XMLSchema-instance" xsi:schemaLocation="http://www.loc.gov/MARC21/slim http://www.loc.gov/standards/marcxml/schema/MARC21slim.xsd">
<leader>     nmb a2200000Iu 4500</leader>
<controlfield tag="008">"121209 2012                        eng  "</controlfield>
<datafield tag="022" ind1="#" ind2="#">
<subfield code="$a">2317-0190</subfield>
</datafield>
<datafield tag="022" ind1="#" ind2="#">
<subfield code="$a">0104-7795</subfield>
</datafield>
<datafield tag="042" ind1=" " ind2=" ">
<subfield code="a">dc</subfield>
</datafield>
<datafield tag="245" ind1="0" ind2="0">
<subfield code="a">Práticas de autocuidado para funcionamento intestinal em um grupo de pacientes com trauma raquimedular</subfield>
</datafield>  <datafield tag="720" ind1="1" ind2=" ">
<subfield code="a">Campoy, Laura Terenciani</subfield>
<subfield code="u">Universidade de São Paulo. Escola de Enfermagem de Ribeirão Preto</subfield></datafield>
<datafield tag="720" ind1="1" ind2=" ">
<subfield code="a">Rabeh, Soraia Assad Nasbine</subfield>
<subfield code="u">Universidade de São Paulo. Escola de Enfermagem de Ribeirão Preto</subfield></datafield>
<datafield tag="720" ind1="1" ind2=" ">
<subfield code="a">Nogueira, Paula Cristina</subfield>
<subfield code="u">Universidade de São Paulo. Escola de Enfermagem de Ribeirão Preto</subfield></datafield>
<datafield tag="720" ind1="1" ind2=" ">
<subfield code="a">Vianna, Patrícia Carla</subfield>
<subfield code="u">Rede de Reabilitação Lucy Montoro. Unidade de Ribeirão Preto</subfield></datafield>
<datafield tag="720" ind1="1" ind2=" ">
<subfield code="a">Miyazaki, Margareth Yuri</subfield>
<subfield code="u">Universidade de São Paulo. Escola de Enfermagem de Ribeirão Preto</subfield></datafield>
<datafield tag="520" ind1=" " ind2=" ">
<subfield code="a"> This was a descriptive and exploratory study. Objective: To characterize individuals with spinal cord injuries (SCI) treated at a rehabilitation center in a tertiary hospital in the interior of São Paulo state, and to identify their self-care practices related to bowel management. Method: After being approved by the Research Ethics Committee and receiving consent from the participants, the data was collected through an interview and by analyzing their medical records. Thirty individuals were interviewed, most of whom were male, single, had a complete secondary education, and a mean age of 35 years. Results: The main cause for the SCI was automobile accident with a prevalence of cervical injuries. The most common self-care practices were nutritional management followed by abdominal massage. Regarding the bowel problems, fecal impaction predominated followed by fecal incontinence. Conclusion: The bowel rehabilitation program should be instituted for individuals with SCI as early as possible to minimize complications. </subfield>
</datafield>
<datafield tag="260" ind1=" " ind2=" ">
<subfield code="b">Faculdade de Medicina, Universidade de São Paulo</subfield>
</datafield>
<dataField tag="260" ind1=" " ind2=" ">
<subfield code="c">2012-12-09 00:00:00</subfield>
</dataField>   <datafield tag="856" ind1=" " ind2=" ">
<subfield code="q">application/pdf</subfield>
</datafield>
<datafield tag="856" ind1=" " ind2=" ">
<subfield code="q">application/pdf</subfield>
</datafield>
<datafield tag="856" ind1="4" ind2="0">
<subfield code="u">https://www.revistas.usp.br/actafisiatrica/article/view/103724</subfield>
</datafield>  <datafield tag="786" ind1="0" ind2=" ">
<subfield code="n">Acta Fisiátrica; v. 19 n. 4 (2012)</subfield>
</datafield>  <datafield tag="546" ind1=" " ind2=" ">
<subfield code="a">eng</subfield>
</datafield>   <datafield tag="540" ind1=" " ind2=" ">
<subfield code="a">Copyright (c) 2012 Acta Fisiátrica</subfield>
</datafield>
</record>
</metadata>
</record>
<resumptionToken expirationDate="2023-08-08T14:50:12Z" completeListSize="935" cursor="425">912e4e9cec77174d94e62f74749b81c5</resumptionToken>
</ListRecords>
</OAI-PMH> 